 @article{nakamura_1994,
    title={Musashi, a neural RNA-binding protein required for drosophila adult external sensory organ development},
    volume={13},
    DOI={10.1016/0896-6273(94)90460-x},
    number={1},
    journal={Neuron},
    author={Nakamura, Makoto and Okano, Hideyuki and Blendy, Julie A. and Montell, Craig},
    year={1994},
    pages={67-81}
}

@article{sakakibara_1996,
    title={Mouse-musashi-1, a neural RNA-binding protein highly enriched in the mammalian CNS stem cell},
    volume={176},
    DOI={10.1006/dbio.1996.0130},
    number={2},
    journal={Developmental Biology},
    author={Sakakibara, Shinichi and Imai, Takao and Hamaguchi, Kayoko and Okabe, Masataka and Aruga, Jun and Nakajima, Kazunori and Yasutomi, Daisuke and Nagata, Takashi and Kurihara, Yasuyuki and Uesugi, Seiichi and Miyata, Takaki and Ogawa, Masaharu and Mikoshiba, Katsuhiko and Okano, Hideyuki},
    year={1996},
    pages={230-242}
} 

@article{good_1998,
    title={The humanmusashi homolog 1(MSI1) gene encoding the homologue of Musashi/NRP-1, a neural RNA-binding protein putatively expressed in CNS stem cells and neural progenitor cells},
    volume={52},
    DOI={10.1006/geno.1998.5456},
    number={3},
    journal={Genomics},
    author={Good, Peter and Yoda, Akinori and Sakakibara, Shin-ichi and Yamamoto, Atsuyo and Imai, Takao and Sawa, Hitoshi and Ikeuchi, Takeshi and Tsuji, Shoji and Satoh, Hitoshi and Okano, Hideyuki},
    year={1998},
    pages={382-384}
} 

@article{imai_2001,
    title={The neural RNA-binding protein Musashi1 translationally regulates mammalian numb gene expression by interacting with its mrna},
    volume={21},
    DOI={10.1128/mcb.21.12.3888-3900.2001},
    number={12},
    journal={Molecular and Cellular Biology},
    author={Imai, Takao and Tokunaga, Akinori and Yoshida, Tetsu and Hashimoto, Mitsuhiro and Mikoshiba, Katsuhiko and Weinmaster, Gerry and Nakafuku, Masato and Okano, Hideyuki},
    year={2001},
    pages={3888-3900}
}

@article{cornish_1985,
    title={Nomenclature for incompletely specified bases in Nucleic Acid sequences: Rcommendations 1984},
    volume={13},
    DOI={10.1093/nar/13.9.3021},
    number={9},
    journal={Nucleic Acids Research},
    author={Cornish-Bowden, Athel},
    year={1985},
    pages={3021-3030}
} 

@article{zearfoss_2014,
    title={A conserved three-nucleotide core motif defines musashi RNA binding specificity},
    volume={289},
    DOI={10.1074/jbc.m114.597112},
    number={51},
    journal={Journal of Biological Chemistry},
    author={Zearfoss, N. Ruth and Deveau, Laura M. and Clingman, Carina C. and Schmidt, Eric and Johnson, Emily S. and Massi, Francesca and Ryder, Sean P.},
    year={2014},
    pages={35530-35541}
}

@article{nagata_1999,
    title={Structure, backbone dynamics and interactions with RNA of the C-terminal RNA-binding domain of a mouse neural RNA-binding protein, musashi1},
    volume={287},
    DOI={10.1006/jmbi.1999.2596},
    number={2},
    journal={Journal of Molecular Biology},
    author={Nagata, Takashi and Kanno, Reisuke and Kurihara, Yasuyuki and Uesugi, Seiichi and Imai, Takao and Sakakibara, Shin-ichi and Okano, Hideyuki and Katahira, Masato},
    year={1999},
    pages={315-330}
} 

@article{miyanoiri_2003,
    title={Origin of higher affinity to RNA of the N-terminal RNA-binding domain than that of the C-terminal one of a mouse neural protein, Musashi1, as revealed by comparison of their structures, modes of interaction, surface electrostatic potentials, and Backbone Dynamics},
    volume={278},
    DOI={10.1074/jbc.m306210200},
    number={42},
    journal={Journal of Biological Chemistry},
    author={Miyanoiri, Youhei and Kobayashi, Hisanori and Imai, Takao and Watanabe, Michinao and Nagata, Takashi and Uesugi, Seiichi and Okano, Hideyuki and Katahira, Masato},
    year={2003},
    pages={41309-41315}
} 

@article{ohyama_2011,
    title={Structure of musashi1 in a complex with target RNA: The role of aromatic stacking interactions},
    volume={40},
    DOI={10.1093/nar/gkr1139},
    number={7},
    journal={Nucleic Acids Research},
    author={Ohyama, Takako and Nagata, Takashi and Tsuda, Kengo and Kobayashi, Naohiro and Imai, Takao and Okano, Hideyuki and Yamazaki, Toshio and Katahira, Masato},
    year={2011},
    pages={3218-3231}
} 

@article{lan_2019,
    title={Crystal and solution structures of human oncoprotein Musashi-2 N-Terminal RNA recognition motif 1},
    volume={88},
    DOI={10.1002/prot.25836},
    number={4},
    journal={Proteins: Structure, Function, and Bioinformatics},
    author={Lan, Lan and Xing, Minli and Kashipathy, Maithri and Douglas, Justin and Gao, Philip and Battaile, Kevin and Hanzlik, Robert and Lovell, Scott and Xu, Liang},
    year={2019},
    pages={573-583}
} 

@article{jumper_2021,
    title={Highly accurate protein structure prediction with alphafold},
    volume={596},
    DOI={10.1038/s41586-021-03819-2},
    number={7873},
    journal={Nature},
    author={Jumper, John and Evans, Richard and Pritzel, Alexander and Green, Tim and Figurnov, Michael and Ronneberger, Olaf and Tunyasuvunakool, Kathryn and Bates, Russ and Žídek, Augustin and Potapenko, Anna and et al.},
    year={2021},
    pages={583-589}
}

@article{belmont_2010,
    title={Engineering a direct and inducible protein-rna interaction to regulate RNA biology},
    volume={5},
    DOI={10.1021/cb100070j},
    number={9},
    journal={ACS Chemical Biology},
    author={Belmont, Brian J. and Niles, Jacquin C.},
    year={2010},
    pages={851-861}
}

@article{cao_2015,
    title={A universal strategy for regulating mrna translation in prokaryotic and Eukaryotic Cells},
    volume={43},
    DOI={10.1093/nar/gkv290},
    number={8},
    journal={Nucleic Acids Research},
    author={Cao, Jicong and Arha, Manish and Sudrik, Chaitanya and Mukherjee, Abhirup and Wu, Xia and Kane, Ravi S.},
    year={2015},
    pages={4353-4362}
}

 @article{katz_2019,
    title={Synthetic 5' utrs can either up- or downregulate expression upon RNA-binding protein binding},
    volume={9},
    DOI={10.1016/j.cels.2019.04.007},
    number={1},
    journal={Cell Systems},
    author={Katz, Noa and Cohen, Roni and Solomon, Oz and Kaufmann, Beate and Atar, Orna and Yakhini, Zohar and Goldberg, Sarah and Amit, Roee},
    year={2019},
    pages={93-106.e8}
}

@article{dolcemascolo_2022,
    title={Repurposing the mammalian RNA-binding protein musashi-1 as an allosteric translation repressor in bacteria},
    DOI={10.1101/2022.11.22.516435},
    journal={bioRxiv},
    author={Dolcemascolo, Roswitha and Heras-Hernández, María and Goiriz, Lucas and Montagud-Martínez, Roser and Requena-Menéndez, Alejandro and Márquez-Costa, Rosa and Ruiz, Raúl and Pérez-Ràfols, Anna and Higuera-Rodríguez, R. Anahí and Pérez-Ropero, Guillermo and Vranken, Wim F. and Martelli, Tommaso and Kaiser, Wolfgang and Buijs, Jos and Rodrigo, Guillermo},
    year={2022}
}

@article{clingman_2014,
    title={Allosteric inhibition of a stem cell RNA-binding protein by an intermediary metabolite},
    volume={3},
    DOI={10.7554/elife.02848},
    journal={eLife},
    author={Clingman, Carina C and Deveau, Laura M and Hay, Samantha A and Genga, Ryan M and Shandilya, Shivender MD and Massi, Francesca and Ryder, Sean P},
    year={2014},
    pages={e02848}
}

@article{pereira_2017,
    title={Energy efficiency across programming languages: How do energy, time, and memory relate?},
    DOI={10.1145/3136014.3136031},
    journal={Proceedings of the 10th ACM SIGPLAN International Conference on Software Language Engineering},
    author={Pereira, Rui and Couto, Marco and Ribeiro, Francisco and Rua, Rui and Cunha, Jácome and Fernandes, João Paulo and Saraiva, João},
    year={2017}
}

@article{kawahara_2008,
    title={Neural RNA-binding protein musashi1 inhibits translation initiation by competing with eif4G for PABP},
    volume={181},
    DOI={10.1083/jcb.200708004},
    number={4},
    journal={Journal of Cell Biology},
    author={Kawahara, Hironori and Imai, Takao and Imataka, Hiroaki and Tsujimoto, Masafumi and Matsumoto, Ken and Okano, Hideyuki},
    year={2008},
    pages={639-653}
}

@article{fox_2015,
    title={Musashi signaling in Stem Cells and cancer},
    volume={31},
    DOI={10.1146/annurev-cellbio-100814-125446},
    number={1},
    journal={Annual Review of Cell and Developmental Biology},
    author={Fox, Raymond G. and Park, Frederick D. and Koechlein, Claire S. and Kritzik, Marcie and Reya, Tannishtha},
    year={2015},
    pages={249-267}
}

@article{iwaoka_2017,
    title={Structural insight into the recognition of R(UAG) by musashi-1 RBD2, and construction of a model of musashi-1 RBD1-2 bound to the minimum target RNA},
    volume={22},
    DOI={10.3390/molecules22071207},
    number={7},
    journal={Molecules},
    author={Iwaoka, Ryo and Nagata, Takashi and Tsuda, Kengo and Imai, Takao and Okano, Hideyuki and Kobayashi, Naohiro and Katahira, Masato},
    year={2017},
    pages={1207}
}

@article{gardner_2000,
    title={Construction of a genetic toggle switch in escherichia coli},
    volume={403},
    DOI={10.1038/35002131},
    number={6767},
    journal={Nature},
    author={Gardner, Timothy S. and Cantor, Charles R. and Collins, James J.},
    year={2000},
    pages={339-342}
}

@article{elowitz_2000,
    title={A synthetic oscillatory network of transcriptional regulators},
    volume={403},
    DOI={10.1038/35002125},
    number={6767},
    journal={Nature},
    author={Elowitz, Michael B. and Leibler, Stanislas},
    year={2000},
    pages={335-338}
}

@misc{parts_igem,
    author={{The iGEM Foundation}},
    title={iGEM Registry of Standard Biological Parts},
    journal={iGEM Foundation},
    year={2022},
    howpublished={\url{http://parts.igem.org/Main_Page}},
    urldate={2022-12-01}
}

@article{siciliano_2013,
    title={MIRNAs confer phenotypic robustness to gene networks by suppressing biological noise},
    volume={4},
    DOI={10.1038/ncomms3364},
    number={1},
    journal={Nature Communications},
    author={Siciliano, Velia and Garzilli, Immacolata and Fracassi, Chiara and Criscuolo, Stefania and Ventre, Simona and di Bernardo, Diego},
    year={2013},
    pages={2364}
} 

@article{seok_2017,
    title={Evaluation and control of mirna-like off-target repression for RNA interference},
    volume={75},
    DOI={10.1007/s00018-017-2656-0},
    number={5},
    journal={Cellular and Molecular Life Sciences},
    author={Seok, Heeyoung and Lee, Haejeong and Jang, Eun-Sook and Chi, Sung Wook},
    year={2017},
    pages={797-814}
} 

@article{babitzke_2009,
    title={Regulation of translation initiation by RNA binding proteins},
    volume={63},
    DOI={10.1146/annurev.micro.091208.073514},
    number={1},
    journal={Annual Review of Microbiology},
    author={Babitzke, Paul and Baker, Carol S. and Romeo, Tony},
    year={2009},
    pages={27-44}
} 

@article{holmqvist_2018,
    title={RNA-binding proteins in bacteria},
    volume={16},
    DOI={10.1038/s41579-018-0049-5},
    number={10},
    journal={Nature Reviews Microbiology},
    author={Holmqvist, Erik and Vogel, Jörg},
    year={2018},
    pages={601-615}
} 

@article{lykke_1997,
    title={RNA-protein interactions of an archaeal homotetrameric splicing endoribonuclease with an exceptional evolutionary history},
    volume={16},
    DOI={10.1093/emboj/16.20.6290},
    number={20},
    journal={The EMBO Journal},
    author={Lykke-Andersen, J.},
    year={1997},
    pages={6290-6300}
}

 @article{draper_1999,
    title={RNA binding strategies of ribosomal proteins},
    volume={27},
    DOI={10.1093/nar/27.2.381},
    number={2},
    journal={Nucleic Acids Research},
    author={Draper, D. E. and Reynaldo, L. P.},
    year={1999},
    pages={381-388}
}

@article{koonin_2020,
    title={The replication machinery of Luca: Common origin of DNA replication and transcription},
    volume={18},
    DOI={10.1186/s12915-020-00800-9},
    number={1},
    journal={BMC Biology},
    author={Koonin, Eugene V. and Krupovic, Mart and Ishino, Sonoko and Ishino, Yoshizumi},
    year={2020},
    pages={61}
} 

@article{re_2013,
    title={RNA–protein interactions: An overview},
    DOI={10.1007/978-1-62703-709-9_23},
    journal={Methods in Molecular Biology},
    author={Re, Angela and Joshi, Tejal and Kulberkyte, Eleonora and Morris, Quaid and Workman, Christopher T.},
    year={2013},
    pages={491-521}
} 

@article{corley_2020,
    title={How RNA-binding proteins interact with RNA: Molecules and mechanisms},
    volume={78},
    DOI={10.1016/j.molcel.2020.03.011},
    number={1},
    journal={Molecular Cell},
    author={Corley, Meredith and Burns, Margaret C. and Yeo, Gene W.},
    year={2020},
    pages={9-29}
} 

@article{stefl_2005,
    title={RNA sequence‐ and shape‐dependent recognition by proteins in the ribonucleoprotein particle},
    volume={6},
    DOI={10.1038/sj.embor.7400325},
    number={1},
    journal={EMBO reports},
    author={Stefl, Richard and Skrisovska, Lenka and Allain, Frédéric H.-T.},
    year={2005},
    pages={33-38}
} 

@article{santalucia_1998,
    title={A unified view of polymer, dumbbell, and oligonucleotide DNA nearest-neighbor thermodynamics},
    volume={95},
    DOI={10.1073/pnas.95.4.1460},
    number={4},
    journal={Proceedings of the National Academy of Sciences},
    author={SantaLucia, John},
    year={1998},
    pages={1460-1465}
} 

@article{dirks_2004,
    title={An algorithm for computing nucleic acid base-pairing probabilities including pseudoknots},
    volume={25},
    DOI={10.1002/jcc.20057},
    number={10},
    journal={Journal of Computational Chemistry},
    author={Dirks, Robert M. and Pierce, Niles A.},
    year={2004},
    pages={1295-1304}
} 


@misc{rna_structure_notations,
    author={{Theoretical Biochemistry Group, Universität Wien}},
    title={Representations of RNA Secondary Structures},
    journal={RNAlib-2.5.1: RNA Structure Notations},
    year={2020},
    howpublished={\url{https://www.tbi.univie.ac.at/RNA/ViennaRNA/doc/html/rna_structure_notations.html}},
    urldate={2022-12-01},
}

@article{katoh_2002,
    title={Mafft: A novel method for rapid multiple sequence alignment based on Fast Fourier transform},
    volume={30},
    DOI={10.1093/nar/gkf436},
    number={14},
    journal={Nucleic Acids Research},
    author={Katoh, K. and Misawa, K. and Kuma, K. and Miyata, T.},
    year={2002},
    pages={3059-3066}
} 

@article{biesiada_2016,
    title={Automated RNA 3D structure prediction with RNAComposer},
    DOI={10.1007/978-1-4939-6433-8},
    journal={RNA Structure Determination: Methods and Protocols},
    year={2016},
    author={Biesiada, M. and Purzycka, K.J. and Szachniuk, M. and Blazewicz, J. and Adamiak, R.W},
    pages={199-215}
}

@article{jimenez_garcia_2017,
    title={LightDock: A new multi-scale approach to protein-protein docking},
    volume={34},
    DOI={10.1093/bioinformatics/btx555},
    number={1},
    journal={Bioinformatics},
    author={Jiménez-García, Brian and Roel-Touris, Jorge and Romero-Durana, Miguel and Vidal, Miquel and Jiménez-González, Daniel and Fernández-Recio, Juan},
    year={2017},
    pages={49-55}
} 

@Article{rodrigues_2018,
    author={Rodrigues, J.P.G.L.M. and Teixeira, J.M.C. and Trellet, M. and Bonvin, A.M.J.J.},
    title={pdb-tools: a swiss army knife for molecular structures},
    journal={F1000Research},
    volume={7},
    year={2018},
    number={1961},
    DOI={10.12688/f1000research.17456.1}
}

@misc{
    amber_histidine,
    title={Amber histidine residues},
    author={{Amber biomolecular simulation package}},
    journal={AMBER Histidine residues},
    year={2005},
    howpublished={\url{http://ambermd.org/Questions/HIS.html}},
    urldate={2022-12-01}
} 